@online{HOL4web,
  author={HOL4 devs},
  title={{The HOL4 Interactive Theorem Prover}},
  url={https://hol-theorem-prover.org},
  year={2020},
  date={2020-07-29}}